@book{Lam94,
  author = {Leslie Lamport},
  title = {{\LaTeX}: A Document Preparation System},
  publisher = {Addison-Wesley},
  address = {Reading, MA},
  edition = {2nd},
  year = {1994}
}

@article{WoJe95,
  title = {Intelligent Agents: Theory and Practice},
  author = {Wooldridge, Michael J. and Jennings, Nicholas R.},
  journal = {The Knowledge Engineering Review},
  volume = {10},
  number = {2},
  pages = {115--152},
  year = {1995}
}

@article{GrKr96,
  title = {Collaborative Plans for Complex Group Action},
  author = {Grosz, Barbara J. and Kraus, Sarit},
  journal = {Artificial Intelligence},
  volume = {86},
  number = {2},
  pages = {269--357},
  year = {1996}
}

@Techreport{Har78,
  author =       "David Harel",
  year =         "1978",
  title =        "Logics of programs: axiomatics and descriptive power",
  institution =  "Massachusetts Institute of Technology",
  type =         "MIT Research Lab Technical Report",
  number =       "TR-200",
  address =      "Cambridge, MA",
  month =        "",
  note =         ""
}

@Phdthesis{Cla85,
  author =       "Kenneth L. Clarkson",
  year =         "1985",
  title =        "Algorithms for Closest-Point Problems (Computational Geometry)",
  school =       "Stanford University",
  address =      "Palo Alto, CA",
  note =         "UMI Order Number: AAT 8506171",
  type =         "",
  month =        ""
}

@misc{Oba08,
  author        = "Barack Obama",
  year          = "2008",
  title         = "A More Perfect Union",
  howpublished  = "Video",
  day           = "5",
  url           = "http://video.google.com/videoplay?docid=6528042696351994555",
  month         = mar,
  lastaccessed  = "March 21, 2008",
  note          =  ""
}

@misc{Sci09,
  author =       "Joseph Scientist",
  year =         "2009",
  title =        "The fountain of youth",
  note =         "Patent No. 12345, Filed July 1st., 2008, Issued Aug. 9th., 2009",
  url =          "",
  howpublished = "",
  month =        aug,
  lastaccessed = ""
}

@ArtifactDataset{AnMC13,
 author    =  {Sam Anzaroot and Andrew McCallum},
 title     =  {{UMass} Citation Field Extraction Dataset},
 year      = 2013,
 organization = {University of Massachusetts},
 url       =
    {http://www.iesl.cs.umass.edu/data/data-umasscitationfield},
 lastaccessed = {May 27, 2019}
}

@inproceedings{Hag1993,
title        = {Maintaining Discrete Probability Distributions Optimally},
author       = {Hagerup, Torben and Mehlhorn, Kurt and Munro, J. Ian},
booktitle    = {Proceedings of the 20th International Colloquium on Automata, Languages and Programming},
series       = {Lecture Notes in Computer Science},
volume       = {700},
pages        = {253--264},
year         = {1993},
publisher    = {Springer-Verlag},
address      = {Berlin}
}

@Book{Knu97,
  author =       "Donald E. Knuth",
  title =        "The Art of Computer Programming, Vol. 1: Fundamental Algorithms",
  publisher =    "Addison Wesley",
  year =         "1997",
  address =      "Reading, Massachusetts",
  edition =      "3rd",
  editor =       "",
  volume =       "",
  number =       "",
  series =       "",
  month =        "",
  note =         ""
}

@MASTERSTHESIS{Ani03,
author = {David A. Anisi},
title = {Optimal Motion Control of a Ground Vehicle},
school = {Royal Institute of Technology (KTH), Stockholm, Sweden},
intitution = {FOI-R-0961-SE, Swedish Defence Research Agency (FOI)},
year = {2003},
}
